@article{alphamagic,
 ISSN = {00368733, 19467087},
 URL = {http://www.jstor.org/stable/24993572},
 author = {Ian Stewart},
 journal = {Scientific American},
 number = {1},
 pages = {106--109},
 publisher = {Scientific American, a division of Nature America, Inc.},
 title = {Alphamagic Squares},
 urldate = {2024-01-02},
 volume = {276},
 year = {1997}
}
@article{Boyer2005,
  title = {Some notes on the magic squares of squares problem},
  volume = {27},
  ISSN = {0343-6993},
  url = {http://dx.doi.org/10.1007/BF02985794},
  DOI = {10.1007/bf02985794},
  number = {2},
  journal = {The Mathematical Intelligencer},
  publisher = {Springer Science and Business Media LLC},
  author = {Boyer,  Christian},
  year = {2005},
  month = mar,
  pages = {52-64}
}
@article{rabern,
  title = {Properties of Magic Squares of Squares},
  journal = {Rose-Hulman Undergraduate Mathematics Journal},
  volume = {4},
  number = {1},
  author = {Rabern,  Landon},
  year = {2002},
  month = jul,
}
@article{gardner,
 ISSN = {10724117, 19476213},
 URL = {http://www.jstor.org/stable/25678147},
 author = {Martin Gardner},
 journal = {Math Horizons},
 number = {3},
 pages = {11--13},
 publisher = {Mathematical Association of America},
 title = {Some New Discoveries About 3 $\times$ 3 Magic Squares},
 urldate = {2024-01-02},
 volume = {5},
 year = {1998}
}

